@TechReport{g12note,
	author = {G12 Experimental Group},
	title = {{g12 Analysis Procedures, Statistics and Systematics}},
	institution = {CLAS-NOTE 2017 - 002},
	year = {2017}
	url={https://misportal.jlab.org/ul/Physics/Hall-B/clas/viewFile.cfm/2017-002.pdf?documentId=756},
}
@article{ELSA11,
	author         = "Crede, V. and others",
	title          = "{Photoproduction of Neutral Pions off Protons}",
	collaboration  = "CBELSA/TAPS Collaboration",
	journal        = "Phys.Rev.",
	volume         = "C84",
	pages          = "055203",
	year           = "2011",
	eprint         = "1107.2151",
}
@article{Kunkel,
	title = {Exclusive photoproduction of ${\ensuremath{\pi}}^{0}$ up to large values of Mandelstam variables $s,\phantom{\rule{0.16em}{0ex}}t,$ and $u$ with {CLAS}},
	author = {Kunkel, M. C. and others},
	collaboration = {CLAS Collaboration},
	journal = {Phys. Rev. C},
	volume = {98},
	issue = {1},
	pages = {015207},
	numpages = {8},
	year = {2018},
	month = {Jul},
	publisher = {American Physical Society},
	doi = {10.1103/PhysRevC.98.015207},
	url = {https://link.aps.org/doi/10.1103/PhysRevC.98.015207}
}
